@book{Arnold2007,
  title={Introduction to Materials Management},
  author={Arnold, J.R.T. and Chapman, S.N. and Clive, L.M.},
  isbn={9780132425506},
  lccn={2009368428},
  series={Pearson Education},
  url={https://books.google.fr/books?id=J\_SOPwAACAAJ},
  year={2007},
  publisher={Pearson Prentice Hall}
}


@misc{Albert2012,
  TITLE = {{Dirichlet and multinomial distributions: properties and uses in Jags}},
  AUTHOR = {Albert, Isabelle and Denis, Jean-Baptiste},
  URL = {https://hal.archives-ouvertes.fr/hal-01263601},
  NOTE = {il s'agit d'un type de produit dont les m{\'e}tadonn{\'e}es ne correspondent pas aux m{\'e}tadonn{\'e}es attendues dans les autres types de produit : REPORT},
  PAGES = {np},
  YEAR = {2012},
  KEYWORDS = {Dirichlet ; multinomiale  ; probabilit{\'e} ; contraintes ; bay{\'e}sien},
  HAL_ID = {hal-01263601},
  HAL_VERSION = {v1},
}


@misc{gurobi,
  author = {{Gurobi Optimization, LLC}},
  title = {{Gurobi Optimizer Reference Manual}},
  year = {2018},
  url = {{http://www.gurobi.com}}
}


@article {Ahmed2007,
    AUTHOR = {Ahmed, Shabbir and \c{C}akmak, Ula\c s and Shapiro, Alexander},
     TITLE = {Coherent risk measures in inventory problems},
   JOURNAL = {European J. Oper. Res.},
  FJOURNAL = {European Journal of Operational Research},
    VOLUME = {182},
      YEAR = {2007},
    NUMBER = {1},
     PAGES = {226--238},
      ISSN = {0377-2217},
   MRCLASS = {90B05 (62C20 62P20)},
  MRNUMBER = {2319801},
       DOI = {10.1016/j.ejor.2006.07.016},
       URL = {https://doi.org/10.1016/j.ejor.2006.07.016},
}


@article {Artzner1999,
    AUTHOR = {Artzner, Philippe and Delbaen, Freddy and Eber, Jean-Marc and
              Heath, David},
     TITLE = {Coherent measures of risk},
   JOURNAL = {Math. Finance},
  FJOURNAL = {Mathematical Finance. An International Journal of Mathematics,
              Statistics and Financial Economics},
    VOLUME = {9},
      YEAR = {1999},
    NUMBER = {3},
     PAGES = {203--228},
      ISSN = {0960-1627},
   MRCLASS = {91B30 (91B28)},
  MRNUMBER = {1850791},
MRREVIEWER = {Yanhong Wu},
       DOI = {10.1111/1467-9965.00068},
       URL = {https://doi.org/10.1111/1467-9965.00068},
}


@book {Everitt1998,
    AUTHOR = {Everitt, B. S.},
     TITLE = {The {C}ambridge dictionary of statistics},
 PUBLISHER = {Cambridge University Press, Cambridge},
      YEAR = {1998},
     PAGES = {viii+360},
      ISBN = {0-521-59346-8},
   MRCLASS = {62-00 (00A20)},
  MRNUMBER = {1646266},
}


@book {Delmas2006,
    AUTHOR = {Delmas, Jean-Fran\c{c}ois and Jourdain, Benjamin},
     TITLE = {Mod\`eles al\'eatoires},
    SERIES = {Math\'ematiques \& Applications (Berlin) [Mathematics \& Applications]},
    VOLUME = {57},
      NOTE = {Applications aux sciences de l'ing\'enieur et du vivant. [Applications to engineering and the life sciences]},
 PUBLISHER = {Springer-Verlag, Berlin},
      YEAR = {2006},
     PAGES = {xvi+431},
      ISBN = {978-3-540-33282-4; 3-540-33282-0},
   MRCLASS = {60-01 (60J10 60J20 60J27 60J80 60J85 92B05)},
  MRNUMBER = {2250271},
MRREVIEWER = {Dominique L\'epingle},
}


@book{Carpentier2015,
    AUTHOR = {Carpentier, Pierre and Chancelier, Jean-Philippe and Cohen,
              Guy and De Lara, Michel},
     TITLE = {Stochastic multi-stage optimization},
    SERIES = {Probability Theory and Stochastic Modelling},
    VOLUME = {75},
      NOTE = {At the crossroads between discrete time stochastic control and
              stochastic programming},
 PUBLISHER = {Springer, Cham},
      YEAR = {2015},
     PAGES = {xviii+362},
      ISBN = {978-3-319-18137-0; 978-3-319-18138-7},
   MRCLASS = {90-02 (49K45 65C10 90C15 93E20 93E25)},
  MRNUMBER = {3331318},
MRREVIEWER = {Vivek S. Borkar},
}


@article{vanHoesel2001,
    AUTHOR = {{v}an Hoesel, C. P. M. and Wagelmans, A. P. M.},
     TITLE = {Fully polynomial approximation schemes for single-item
              capacitated economic lot-sizing problems},
   JOURNAL = {Math. Oper. Res.},
  FJOURNAL = {Mathematics of Operations Research},
    VOLUME = {26},
      YEAR = {2001},
    NUMBER = {2},
     PAGES = {339--357},
      ISSN = {0364-765X},
   MRCLASS = {90B35 (68Q25 68W25 90B05 90C27 90C60)},
  MRNUMBER = {1895833},
MRREVIEWER = {Stefan Nickel},
       DOI = {10.1287/moor.26.2.339.10552},
       URL = {https://doi.org/10.1287/moor.26.2.339.10552},
}

@article{Florian1980,
    AUTHOR = {Florian, M. and Lenstra, J. K. and Rinnooy Kan, A. H. G.},
     TITLE = {Deterministic production planning: algorithms and complexity},
   JOURNAL = {Management Sci.},
  FJOURNAL = {Management Science. Journal of the Institute of Management
              Science. Application and Theory Series},
    VOLUME = {26},
      YEAR = {1980},
    NUMBER = {7},
     PAGES = {669--679},
      ISSN = {0025-1909},
   MRCLASS = {68C25 (90B30)},
  MRNUMBER = {591292},
MRREVIEWER = {James R. Evans},
       DOI = {10.1287/mnsc.26.7.669},
       URL = {https://doi.org/10.1287/mnsc.26.7.669},
}

@article{Karimi2003,
  author       = {Karimi, B. and Fatemi Ghomi, S. M. T. and Wilson, J. M.},
  doi          = {https://doi.org/10.1016/S0305-0483(03)00059-8},
  issn         = {0305-0483},
  journaltitle = {Omega},
  keywords     = {Capacitated lot sizing problem, Heuristics, Integer programming, Production planning},
  number       = {5},
  pages        = {365 - 378},
  title        = {The capacitated lot sizing problem: a review of models and algorithms},
  url          = {http://www.sciencedirect.com/science/article/pii/S0305048303000598},
  volume       = {31},
  year         = {2003},
}

@article{Federgruen1991,
  author       = {Federgruen, Awi and Tzur, Michal},
  doi          = {10.1287/mnsc.37.8.909},
  eprint       = {https://doi.org/10.1287/mnsc.37.8.909},
  journaltitle = {Management Science},
  number       = {8},
  pages        = {909-925},
  title        = {A Simple Forward Algorithm to Solve General Dynamic Lot Sizing Models with n Periods in 0(n log n) or 0(n) Time},
  url          = {https://doi.org/10.1287/mnsc.37.8.909},
  volume       = {37},
  year         = {1991},
}

@article{Aggarwal1993,
    AUTHOR = {Aggarwal, Alok and Park, James K.},
     TITLE = {Improved algorithms for economic lot size problems},
   JOURNAL = {Oper. Res.},
  FJOURNAL = {Operations Research},
    VOLUME = {41},
      YEAR = {1993},
    NUMBER = {3},
     PAGES = {549--571},
      ISSN = {0030-364X},
   MRCLASS = {90B05},
  MRNUMBER = {1222625},
       DOI = {10.1287/opre.41.3.549},
       URL = {https://doi.org/10.1287/opre.41.3.549},
}

@article{Wagelmans1992,
  author       = {Wagelmans, Albert and Van Hoesel, Stan and Kolen, Antoon},
  issn         = {0030364X, 15265463},
  journaltitle = {Operations Research},
  pages        = {S145--S156},
  publisher    = {INFORMS},
  title        = {Economic Lot Sizing: An O(n log n) Algorithm That Runs in Linear Time in the Wagner-Whitin Case},
  url          = {http://www.jstor.org/stable/3840844},
  volume       = {40},
  year         = {1992},
}

@article{Wagner1958,
  author       = {Wagner, Harvey M. and Whitin, Thomson M.},
  doi          = {10.1287/mnsc.5.1.89},
  eprint       = {https://doi.org/10.1287/mnsc.5.1.89},
  journaltitle = {Management Science},
  number       = {1},
  pages        = {89-96},
  title        = {Dynamic Version of the Economic Lot Size Model},
  url          = {https://doi.org/10.1287/mnsc.5.1.89},
  volume       = {5},
  year         = {1958},
}

@report{Frigyik2010,
  author      = {Bela A. Frigyik and Amol Kapila and Maya R. Gupta},
  institution = {Department of Electrical Engineering, University of Washington},
  location    = {Seattle, Washington 98195-2500},
  number      = {UWEETR-2010-0006},
  title       = {Introduction to the Dirichlet Distribution and Related Processes},
  type        = {techreport},
  url         = {https://www2.ee.washington.edu/techsite/papers/documents/UWEETR-2010-0006.pdf},
  year        = {2010},
}

@article{Vershynin2010,
  author       = {Vershynin, Roman},
  journaltitle = {arXiv preprint arXiv:1011.3027},
  title        = {Introduction to the non-asymptotic analysis of random matrices},
  year         = {2010},
}

@book{Devroye1986,
  author    = {Devroye, Luc},
  doi       = {10.1007/978-1-4613-8643-8},
  isbn      = {978-1-4613-8643-8},
  pages     = {XVI, 843},
  publisher = {Springer-Verlag New York},
  title     = {Non-Uniform Random Variate Generation},
  year      = {1986},
}

@book{Kotz2000,
  author    = {Samuel Kotz and N. Balakrishnan and Norman L. Johnson},
  month     = {apr},
  pages     = {752},
  publisher = {New York: Wiley},
  series    = {Wiley Series in Probability and Statistics},
  title     = {Continuous Multivariate Distributions. Volume 1: Models and Applications},
  year      = {2000},
}

@book{Geunes2014,
  author    = {Geunes, J.},
  isbn      = {9781482239904},
  lccn      = {2014451829},
  publisher = {Taylor \& Francis},
  series    = {Operations Research Series},
  title     = {Operations Planning: Mixed Integer Optimization Models},
  year      = {2014},
}

@book{Shapiro2009,
  author    = {Shapiro, A. and Dentcheva, D. and Ruszczy≈Ñski, A.},
  doi       = {10.1137/1.9780898718751},
  edition   = {},
  eprint    = {https://epubs.siam.org/doi/pdf/10.1137/1.9780898718751},
  location  = {},
  publisher = {Society for Industrial and Applied Mathematics},
  title     = {Lectures on Stochastic Programming},
  url       = {https://epubs.siam.org/doi/abs/10.1137/1.9780898718751},
  year      = {2009},
}

@article{Govindan2017,
  author       = {Kannan Govindan and Mohammad Fattahi and Esmaeil Keyvanshokooh},
  doi          = {https://doi.org/10.1016/j.ejor.2017.04.009},
  issn         = {0377-2217},
  journaltitle = {European Journal of Operational Research},
  keywords     = {Supply chain management, Supply chain network design, Uncertainty, Stochastic programming, Risk consideration, Robust optimization},
  number       = {1},
  pages        = {108 - 141},
  title        = {Supply chain network design under uncertainty: A comprehensive review and future research directions},
  url          = {http://www.sciencedirect.com/science/article/pii/S0377221717303429},
  volume       = {263},
  year         = {2017},
}

@book{Hadley1963,
  author        = {Hadley, G. (George) and Whitin, Thomson M},
  catalogue-url = {https://trove.nla.gov.au/work/9129281},
  language      = {English},
  note          = {Prentice-Hall quantitative methods series},
  publisher     = {Englewood Cliffs, N. J. : Prentice-Hall},
  subjects      = {Inventory control -- Mathematical models; Inventories -- Mathematical models},
  title         = {Analysis of inventory systems},
  type          = {Book; Book/Illustrated},
  year          = {1963},
}

@thesis{Daeschner1975,
  author      = {Daeschner, William Edward},
  institution = {Monterey, California. Naval Postgraduate School},
  title       = {Models for multi-item inventory systems with constraints},
  type        = {{PhD Thesis}},
  url         = {http://hdl.handle.net/10945/20948},
  year        = {1975},
}

@article{Ohno2001,
  author       = {Ohno, K. and Ishigaki, T.},
  day          = {01},
  doi          = {10.1007/s001860000101},
  issn         = {1432-5217},
  journaltitle = {Mathematical Methods of Operations Research},
  month        = {Apr},
  number       = {1},
  pages        = {147--165},
  title        = {A multi-item continuous review inventory system with compound Poisson demands},
  url          = {https://doi.org/10.1007/s001860000101},
  volume       = {53},
  year         = {2001},
}

@article{Schrady1971,
  author       = {Schrady, D. A. and Choe, U. C.},
  doi          = {10.1002/nav.3800180403},
  eprint       = {https://onlinelibrary.wiley.com/doi/pdf/10.1002/nav.3800180403},
  journaltitle = {Naval Research Logistics Quarterly},
  number       = {4},
  pages        = {451-463},
  title        = {Models for multi-item continuous review inventory policies subject to constraints},
  url          = {https://onlinelibrary.wiley.com/doi/abs/10.1002/nav.3800180403},
  volume       = {18},
  year         = {1971},
}

@article{Wang2007,
  author        = {Wang, X. and Tang, W. and Zhao, R.},
  document_type = {Article},
  doi           = {10.1016/S1007-0214(07)70014-7},
  journaltitle  = {Tsinghua Science and Technology},
  note          = {cited By 30},
  number        = {1},
  pages         = {91-96},
  source        = {Scopus},
  title         = {Fuzzy Economic Order Quantity Inventory Models Without Backordering},
  url           = {https://www.scopus.com/inward/record.uri?eid=2-s2.0-34447512984&doi=10.1016%2fS1007-0214%2807%2970014-7&partnerID=40&md5=3781a95a76fb24f580b57e9bbb187932},
  volume        = {12},
  year          = {2007},
}

@article{Yao2000,
  acmid        = {346540},
  author       = {Yao, Jing-Shin and Chang, San-Chyi and Su, Jin-Shieh},
  doi          = {10.1016/S0305-0548(99)00068-4},
  issn         = {0305-0548},
  issue_date   = {Sept. 2000},
  journaltitle = {Comput. Oper. Res.},
  keywords     = {extension principle, fuzzy demand quantity, fuzzy economic order quantity, fuzzy inventory without backorder, inventory, memmbership functions},
  location     = {Oxford, UK, UK},
  month        = {09},
  number       = {10},
  numpages     = {28},
  pages        = {935--962},
  publisher    = {Elsevier Science Ltd.},
  title        = {Fuzzy Inventory Without Backorder for Fuzzy Order Quantity and Fuzzy Total Demand Quantity},
  url          = {http://dx.doi.org/10.1016/S0305-0548(99)00068-4},
  volume       = {27},
  year         = {2000},
}

@article{Lee1999,
  author       = {Huey-Ming Lee and Jing-Shing Yao},
  doi          = {https://doi.org/10.1016/S0165-0114(97)00227-3},
  issn         = {0165-0114},
  journaltitle = {Fuzzy Sets and Systems},
  keywords     = {Fuzzy set, Fuzzy inventory model, Extension principle, Fuzzy economic order quantity, Fuzzy total cost},
  number       = {1},
  pages        = {13 - 31},
  title        = {Economic order quantity in fuzzy sense for inventory without backorder model},
  url          = {http://www.sciencedirect.com/science/article/pii/S0165011497002273},
  volume       = {105},
  year         = {1999},
}

@article{Park1987,
  author       = {K. S. Park},
  doi          = {10.1109/TSMC.1987.6499320},
  issn         = {0018-9472},
  journaltitle = {IEEE Transactions on Systems, Man, and Cybernetics},
  keywords     = {fuzzy set theory;stock control;composition;cost determination;cost parameters;economic order quantity;estimation;fuzzy set theory;industrial management},
  month        = {Nov},
  number       = {6},
  pages        = {1082-1084},
  title        = {Fuzzy-set theoretic interpretation of economic order quantity},
  volume       = {17},
  year         = {1987},
}

@article{Gallego1998,
  author       = {Guillermo Gallego},
  doi          = {10.1287/mnsc.44.2.219},
  eprint       = {https://pubsonline.informs.org/doi/pdf/10.1287/mnsc.44.2.219},
  journaltitle = {Management Science},
  number       = {2},
  pages        = {219-233},
  title        = {New Bounds and Heuristics for (Q, r) Policies},
  url          = {https://pubsonline.informs.org/doi/abs/10.1287/mnsc.44.2.219},
  volume       = {44},
  year         = {1998},
}

@article{Ziukov2015,
  author       = {Ziukov, Serhii},
  journaltitle = {Business Systems \& Economics},
  month        = {06},
  pages        = {26-35},
  title        = {A literature review on models of inventory management under uncertainty},
  volume       = {5},
  year         = {2015},
}

@article{Taft1918,
  author       = {Taft, E. W.},
  journaltitle = {Iron Age},
  number       = {18},
  pages        = {1410-1412},
  title        = {The most economical production lot},
  volume       = {101},
  year         = {1918},
}

@article{Barbosa1978,
  author       = {Lineu C. Barbosa and Moshe Friedman},
  doi          = {10.1287/mnsc.24.8.819},
  eprint       = {https://doi.org/10.1287/mnsc.24.8.819},
  journaltitle = {Management Science},
  number       = {8},
  pages        = {819-826},
  title        = {Deterministic Inventory Lot Size Models‚ÄîA General Root Law},
  url          = {https://doi.org/10.1287/mnsc.24.8.819},
  volume       = {24},
  year         = {1978},
}

@article{Resh1976,
  author       = {Resh, Michael and Friedman, Moshe and Barbosa, Lineu C.},
  journaltitle = {Operations Research},
  number       = {4},
  pages        = {718-725},
  title        = {On a General Solution of the Deterministic Lot Size Problem with Time-Proportional Demand},
  url          = {https://EconPapers.repec.org/RePEc:inm:oropre:v:24:y:1976:i:4:p:718-725},
  volume       = {24},
  year         = {1976},
}

@article{Donaldson1977,
  author       = {W. A. Donaldson},
  doi          = {10.1057/jors.1977.142},
  eprint       = {https://doi.org/10.1057/jors.1977.142},
  journaltitle = {Journal of the Operational Research Society},
  number       = {3},
  pages        = {663-670},
  publisher    = {Taylor & Francis},
  title        = {Inventory Replenishment Policy for a Linear Trend in Demand‚ÄîAn Analytical Solution},
  url          = {https://doi.org/10.1057/jors.1977.142},
  volume       = {28},
  year         = {1977},
}

@unpublished{Gayon2016,
  author = {Gayon, Jean-Philippe},
  note   = {Thematic Day ``Uncertainty and Production Planning''},
  title  = {Continuous-review inventory models : A tutorial},
  url    = {http://pagesperso.g-scop.grenoble-inp.fr/~gayonj/Documents/Talks/Continuous_Review_Inventory.pdf},
  year   = {2016},
}

@article{Katoh1979,
  author       = {N. Katoh and T. Ibaraki and H. Mine},
  issn         = {01605682, 14769360},
  journaltitle = {The Journal of the Operational Research Society},
  number       = {5},
  pages        = {449--455},
  publisher    = {Palgrave Macmillan Journals},
  title        = {A Polynomial Time Algorithm for the Resource Allocation Problem with a Convex Objective Function},
  url          = {http://www.jstor.org/stable/3009712},
  volume       = {30},
  year         = {1979},
}

@article{Saliby1990,
  author       = {Eduardo Saliby},
  issn         = {01605682, 14769360},
  journaltitle = {The Journal of the Operational Research Society},
  number       = {12},
  pages        = {1133--1142},
  publisher    = {Palgrave Macmillan Journals},
  title        = {Descriptive Sampling: A Better Approach to {Monte Carlo} Simulation},
  url          = {http://www.jstor.org/stable/2583110},
  volume       = {41},
  year         = {1990},
}

@article{Ahuja2008,
  author       = {Ahuja, Ravindra K. and Hochbaum, Dorit S.},
  issn         = {0030364X, 15265463},
  journaltitle = {Operations Research},
  number       = {1},
  pages        = {255--261},
  publisher    = {INFORMS},
  title        = {Solving Linear Cost Dynamic Lot-Sizing Problems in {O}(n~log~n) Time},
  url          = {http://www.jstor.org/stable/25147181},
  volume       = {56},
  year         = {2008},
}

@book{Ahuja1993,
  author       = {Ahuja, Ravindra K. and Magnanti, Thomas L. and Orlin, James B.},
  day          = {28},
  edition      = {1},
  howpublished = {Hardcover},
  isbn         = {013617549X},
  keywords     = {phd},
  month        = {02},
  posted-at    = {2006-01-30 15:49:24},
  priority     = {2},
  publisher    = {Prentice Hall},
  title        = {Network Flows: Theory, Algorithms, and Applications},
  url          = {http://www.worldcat.org/isbn/013617549X},
  year         = {1993},
}

@article{Aloulou2014,
  author       = {Mohamed Ali Aloulou and Alexandre Dolgui and Mikhail Y. Kovalyov},
  doi          = {10.1080/00207543.2013.855336},
  eprint       = {http://dx.doi.org/10.1080/00207543.2013.855336},
  journaltitle = {International Journal of Production Research},
  number       = {8},
  pages        = {2293--2310},
  title        = {A bibliography of non-deterministic lot-sizing models},
  volume       = {52},
  year         = {2014},
}

@article{Anily2008,
  author       = {Anily, Shoshana and Tzur, Michal and Wolsey, Laurence A.},
  doi          = {10.1007/s10107-007-0202-9},
  issn         = {1436-4646},
  journaltitle = {Mathematical Programming},
  number       = {1},
  pages        = {79--94},
  title        = {Multi-item lot-sizing with joint set-up costs},
  volume       = {119},
  year         = {2008},
}

@article{Arrow1951,
  author       = {Kenneth J. Arrow and Theodore Harris and Jacob Marschak},
  issn         = {00129682, 14680262},
  journaltitle = {Econometrica},
  number       = {3},
  pages        = {250--272},
  publisher    = {[Wiley, Econometric Society]},
  title        = {Optimal Inventory Policy},
  url          = {http://www.jstor.org/stable/1906813},
  volume       = {19},
  year         = {1951},
}

@article{Baghalian2013,
  author       = {Baghalian, Atefeh and Rezapour, Shabnam and Farahani, Reza Zanjirani},
  doi          = {10.1016/j.ejor.2012.12.017},
  issn         = {0377-2217},
  journaltitle = {European Journal of Operational Research},
  keywords     = {Supply chain network},
  number       = {1},
  pages        = {199--215},
  title        = {Robust supply chain network design with service level against disruptions and demand uncertainties: A real-life case},
  url          = {http://www.sciencedirect.com/science/article/pii/S0377221712009484},
  volume       = {227},
  year         = {2013},
}

@article{Benson1985,
  author       = {Benson, Harold P.},
  doi          = {10.1002/nav.3800320119},
  issn         = {1931-9193},
  journaltitle = {Naval Research Logistics Quarterly},
  number       = {1},
  pages        = {165--177},
  publisher    = {Wiley Subscription Services, Inc., A Wiley Company},
  title        = {A finite algorithm for concave minimization over a polyhedron},
  volume       = {32},
  year         = {1985},
}

@article{Bertsimas2009,
  author       = {Dimitris Bertsimas and David B. Brown},
  doi          = {10.1287/opre.1080.0646},
  eprint       = {http://dx.doi.org/10.1287/opre.1080.0646},
  journaltitle = {Operations Research},
  number       = {6},
  pages        = {1483--1495},
  title        = {Constructing Uncertainty Sets for Robust Linear Optimization},
  volume       = {57},
  year         = {2009},
}

@article{Bertsimas2004,
  author       = {Dimitris Bertsimas and Melvyn Sim},
  issn         = {0030364X, 15265463},
  journaltitle = {Operations Research},
  number       = {1},
  pages        = {35--53},
  publisher    = {INFORMS},
  title        = {The Price of Robustness},
  url          = {http://www.jstor.org/stable/30036559},
  volume       = {52},
  year         = {2004},
}

@article{Bertsimas2003,
  author       = {Bertsimas, Dimitris and Sim, Melvyn},
  doi          = {10.1007/s10107-003-0396-4},
  issn         = {1436-4646},
  journaltitle = {Mathematical Programming},
  number       = {1},
  pages        = {49--71},
  title        = {Robust discrete optimization and network flows},
  volume       = {98},
  year         = {2003},
}

@article{Bertsimas2006,
  author       = {Dimitris Bertsimas and Aur√©lie Thiele},
  issn         = {0030364X, 15265463},
  journaltitle = {Operations Research},
  number       = {1},
  pages        = {150--168},
  publisher    = {INFORMS},
  title        = {A Robust Optimization Approach to Inventory Theory},
  url          = {http://www.jstor.org/stable/25146954},
  volume       = {54},
  year         = {2006},
}

@article{Bish2004,
  author       = {Bish, Ebru K. and Wang, Qiong},
  doi          = {10.1287/opre.1040.0138},
  eprint       = {http://dx.doi.org/10.1287/opre.1040.0138},
  journaltitle = {Operations Research},
  number       = {6},
  pages        = {954--964},
  title        = {Optimal Investment Strategies for Flexible Resources, Considering Pricing and Correlated Demands},
  volume       = {52},
  year         = {2004},
}

@report{Argon2016,
  author      = {Bonneau, Fabrice},
  institution = {Argon Consulting},
  mounth      = {#Feb#},
  title       = {Th√©orie des mod√®les Supply Chain},
  type        = {techreport},
  year        = {2016},
}

@article{Calafiore2004,
  author       = {Calafiore, Giuseppe and Campi, M.C.},
  doi          = {10.1007/s10107-003-0499-y},
  issn         = {1436-4646},
  journaltitle = {Mathematical Programming},
  number       = {1},
  pages        = {25--46},
  title        = {Uncertain convex programs: randomized solutions and confidence levels},
  volume       = {102},
  year         = {2004},
}

@inproceedings{Calafiore2004b,
  author    = {G. Calafiore and A. Nilim},
  booktitle = {2004 43rd IEEE Conference on Decision and Control (CDC) (IEEE Cat. No.04CH37601)},
  doi       = {10.1109/CDC.2004.1428665},
  issn      = {0191-2216},
  keywords  = {linear programming;resource allocation;strategic planning;cost objective;linear programming;multi-stage resource allocation;sampled scenarios randomized technique;strategic planning problem;survival rates;uncertain linear program;whole stage horizon;Costs;Decision making;Linear programming;Optimal control;Resource management;Robustness;State-space methods;Strategic planning;Uncertain systems;Uncertainty},
  month     = {12},
  pages     = {417-423 Vol.1},
  title     = {Multi-stage resource allocation under uncertainty},
  volume    = {1},
  year      = {2004},
}

@article{Campi2010,
  author       = {Campi, M. C. and Garatti, S.},
  doi          = {10.1007/s10957-010-9754-6},
  issn         = {1573-2878},
  journaltitle = {Journal of Optimization Theory and Applications},
  number       = {2},
  pages        = {257--280},
  title        = {A Sampling-and-Discarding Approach to¬†Chance-Constrained Optimization: Feasibility¬†and¬†Optimality},
  volume       = {148},
  year         = {2010},
}

@article{Carreno1990,
  author       = {Carreno, Jose Juan},
  issn         = {00251909, 15265501},
  journaltitle = {Management Science},
  number       = {3},
  pages        = {348--358},
  publisher    = {INFORMS},
  title        = {Economic Lot Scheduling for Multiple Products on Parallel Identical Processors},
  url          = {http://www.jstor.org/stable/2631954},
  volume       = {36},
  year         = {1990},
}

@article{Chandra2005,
  author       = {Chandra, Charu and Everson, Mark and Grabis, JƒÅnis},
  doi          = {10.1016/j.omega.2004.03.004},
  issn         = {0305-0483},
  journaltitle = {Omega},
  keywords     = {Manufacturing flexibility},
  number       = {1},
  pages        = {17--31},
  title        = {Evaluation of enterprise-level benefits of manufacturing flexibility},
  url          = {http://www.sciencedirect.com/science/article/pii/S0305048304000350},
  volume       = {33},
  year         = {2005},
}

@article{Chod2005,
  author       = {Chod, Jiri and Rudi, Nils},
  doi          = {10.1287/opre.1040.0191},
  eprint       = {http://dx.doi.org/10.1287/opre.1040.0191},
  journaltitle = {Operations Research},
  number       = {3},
  pages        = {532--548},
  title        = {Resource Flexibility with Responsive Pricing},
  volume       = {53},
  year         = {2005},
}

@article{Copil2016,
  author       = {Copil, Karina and W√∂rbelauer, Martin and Meyr, Herbert and Tempelmeier, Horst},
  doi          = {10.1007/s00291-015-0429-4},
  issn         = {1436-6304},
  journaltitle = {OR Spectrum},
  pages        = {1--64},
  title        = {Simultaneous lotsizing and scheduling problems: a classification and review of models},
  year         = {2016},
}

@article{Das2011,
  author       = {Das, Kanchan},
  doi          = {10.1016/j.ejor.2010.12.006},
  issn         = {0377-2217},
  journaltitle = {European Journal of Operational Research},
  keywords     = {Capacity flexibility},
  number       = {1},
  pages        = {170--183},
  title        = {Integrating effective flexibility measures into a strategic supply chain planning model},
  url          = {http://www.sciencedirect.com/science/article/pii/S0377221710008702},
  volume       = {211},
  year         = {2011},
}

@article{Daskin2002,
  author       = {Daskin, Mark S. and Coullard, Collette R. and Shen, Zuo-Jun Max},
  doi          = {10.1023/A:1020763400324},
  issn         = {1572-9338},
  journaltitle = {Annals of Operations Research},
  number       = {1},
  pages        = {83--106},
  title        = {An Inventory-Location Model: Formulation, Solution Algorithm and Computational Results},
  volume       = {110},
  year         = {2002},
}

@article{DeLoera2015,
  adsnote      = {Provided by the SAO/NASA Astrophysics Data System},
  adsurl       = {http://adsabs.harvard.edu/abs/2015arXiv150400076D},
  author       = {{De Loera}, J.~A. and {La Haye}, R.~N. and {Oliveros}, D. and {Rold√°n-Pensado}, E.},
  eprint       = {1504.00076},
  eprintclass  = {math.MG},
  eprinttype   = {arXiv},
  journaltitle = {ArXiv e-prints},
  keywords     = {Mathematics - Metric Geometry, Mathematics - Combinatorics, Mathematics - Optimization and Control, 90C15 (Primary), 52C07, 90C25, 52A35 (Secondary)},
  month        = {03},
  title        = {Beyond Chance-Constrained Convex Mixed-Integer Optimization: A Generalized Calafiore-Campi Algorithm and the notion of $S$-optimization},
  year         = {2015},
}

@article{Diaz-Madronero2014,
  author       = {Manuel D√≠az-Madro√±ero and Josefa Mula and David Peidro},
  doi          = {10.1080/00207543.2014.899721},
  eprint       = {http://dx.doi.org/10.1080/00207543.2014.899721},
  journaltitle = {International Journal of Production Research},
  number       = {17},
  pages        = {5171--5205},
  title        = {A review of discrete-time optimization models for tactical production planning},
  volume       = {52},
  year         = {2014},
}

@article{Drexl1995,
  author       = {Andreas Drexl and Knut Haase},
  doi          = {10.1016/0925-5273(95)00040-U},
  issn         = {0925-5273},
  journaltitle = {International Journal of Production Economics},
  keywords     = {Lotsizing and scheduling},
  number       = {1},
  pages        = {73--87},
  title        = {Proportional lotsizing and scheduling},
  url          = {http://www.sciencedirect.com/science/article/pii/092552739500040U},
  volume       = {40},
  year         = {1995},
}

@article{Edgeworth88,
  author       = {F. Y. Edgeworth},
  issn         = {09528385},
  journaltitle = {Journal of the Royal Statistical Society},
  number       = {1},
  pages        = {113--127},
  publisher    = {[Wiley, Royal Statistical Society]},
  title        = {The Mathematical Theory of Banking},
  url          = {http://www.jstor.org/stable/2979084},
  volume       = {51},
  year         = {1888},
}

@article{Englberger2016,
  author       = {Julian Englberger and Frank Herrmann and Michael Manitz},
  doi          = {10.1080/00207543.2016.1162917},
  eprint       = {http://dx.doi.org/10.1080/00207543.2016.1162917},
  journaltitle = {International Journal of Production Research},
  number       = {20},
  pages        = {6192--6215},
  title        = {Two-stage stochastic master production scheduling under demand uncertainty in a rolling planning environment},
  volume       = {54},
  year         = {2016},
}

@inbook{Follmer2004,
  author    = {F√∂llmer, H. and Schied, A.},
  chapter   = {4},
  isbn      = {9783110183467},
  lccn      = {2004021608},
  pages     = {157--206},
  publisher = {Walter de Gruyter},
  series    = {De Gruyter studies in mathematics},
  title     = {Stochastic Finance: An Introduction in Discrete Time},
  url       = {https://books.google.fr/books?id=cL-bZSOrqWoC},
  year      = {2004},
}

@article{Fahimnia2015,
  author       = {Fahimnia, Behnam and Tang, Christopher S. and Davarzani, Hoda and Sarkis, Joseph},
  doi          = {10.1016/j.ejor.2015.04.034},
  issn         = {0377-2217},
  journaltitle = {European Journal of Operational Research},
  keywords     = {Supply Chain Risk},
  number       = {1},
  pages        = {1--15},
  title        = {Quantitative models for managing supply chain risks: A review},
  url          = {http://www.sciencedirect.com/science/article/pii/S0377221715003276},
  volume       = {247},
  year         = {2015},
}

@article{Falk1986,
  author       = {Falk, James E. and Hoffman, Karla L.},
  doi          = {10.1287/opre.34.6.919},
  eprint       = {http://dx.doi.org/10.1287/opre.34.6.919},
  journaltitle = {Operations Research},
  number       = {6},
  pages        = {919--929},
  title        = {Concave Minimization Via Collapsing Polytopes},
  volume       = {34},
  year         = {1986},
}

@article{Fine1990,
  author       = {Fine, Charles H. and Freund, Robert M.},
  doi          = {10.1287/mnsc.36.4.449},
  eprint       = {http://dx.doi.org/10.1287/mnsc.36.4.449},
  journaltitle = {Management Science},
  number       = {4},
  pages        = {449--466},
  title        = {Optimal Investment in Product-Flexible Manufacturing Capacity},
  volume       = {36},
  year         = {1990},
}

@article{Fleischmann1994,
  author       = {Fleischmann, Bernhard},
  doi          = {10.1016/0377-2217(94)90083-3},
  issn         = {0377-2217},
  journaltitle = {European Journal of Operational Research},
  keywords     = {Manufacturing},
  number       = {2},
  pages        = {395--404},
  title        = {The discrete lot-sizing and scheduling problem with sequence-dependent setup costs},
  url          = {http://www.sciencedirect.com/science/article/pii/0377221794900833},
  volume       = {75},
  year         = {1994},
}

@article{Fleischmann1997,
  author       = {Fleischmann, Bernhard and Meyr, Herbert},
  doi          = {10.1007/BF01539800},
  issn         = {1436-6304},
  journaltitle = {Operations-Research-Spektrum},
  number       = {1},
  pages        = {11--21},
  title        = {The general lotsizing and scheduling problem},
  volume       = {19},
  year         = {1997},
}

@article{Francas2011,
  author       = {Francas, David and L¬®{o}hndorf, Nils and Minner, Stefan},
  doi          = {10.1016/j.ijpe.2010.03.014},
  issn         = {0925-5273},
  journaltitle = {International Journal of Production Economics},
  keywords     = {Machine and labor flexibility},
  note         = {Innsbruck 2008},
  number       = {1},
  pages        = {165--174},
  title        = {Machine and labor flexibility in manufacturing networks},
  url          = {http://www.sciencedirect.com/science/article/pii/S0925527310000964},
  volume       = {131},
  year         = {2011},
}

@article{Frederickson1982,
  author       = {Greg N. Frederickson and Donald B. Johnson},
  doi          = {https://doi.org/10.1016/0022-0000(82)90048-4},
  issn         = {0022-0000},
  journaltitle = {Journal of Computer and System Sciences},
  number       = {2},
  pages        = {197 - 208},
  title        = {The complexity of selection and ranking in X + Y and matrices with sorted columns},
  url          = {http://www.sciencedirect.com/science/article/pii/0022000082900484},
  volume       = {24},
  year         = {1982},
}

@misc{Gallego1995,
  author    = {Guillermo Gallego},
  month     = {04},
  note      = {Accessed 20/07/17},
  publisher = {Columbia University},
  title     = {{IEOR 4000 Production Management Lecture 7}},
  url       = {http://www.columbia.edu/~gmg2/4000/pdf/lect_07.pdf},
  year      = {1995},
}

@book{Garey1979,
  author    = {Garey, M.R. and Johnson, D.S.},
  isbn      = {9780716710448},
  lccn      = {lc78012361},
  publisher = {W. H. Freeman},
  series    = {Series of books in the mathematical sciences},
  title     = {Computers and Intractability: A Guide to the Theory of NP-Completeness},
  url       = {https://books.google.fr/books?id=fjxGAQAAIAAJ},
  year      = {1979},
}

@article{Geoffrion1974,
  author       = {Geoffrion, Arthur M. and Graves, G. W.},
  doi          = {10.1287/mnsc.20.5.822},
  eprint       = {http://dx.doi.org/10.1287/mnsc.20.5.822},
  journaltitle = {Management Science},
  number       = {5},
  pages        = {822--844},
  title        = {Multicommodity Distribution System Design by Benders Decomposition},
  volume       = {20},
  year         = {1974},
}

@article{Gicquel2014,
  author       = {Gicquel, C√©line and Lisser, Abdel and Minoux, Michel},
  doi          = {10.1016/j.ejor.2014.02.027},
  issn         = {0377-2217},
  journaltitle = {European Journal of Operational Research},
  keywords     = {Manufacturing},
  number       = {2},
  pages        = {498--507},
  title        = {An evaluation of semidefinite programming based approaches for discrete lot-sizing problems},
  url          = {http://www.sciencedirect.com/science/article/pii/S037722171400160X},
  volume       = {237},
  year         = {2014},
}

@unpublished{Gicquel2008,
  author      = {Gicquel, C√©line and Minoux, Michel and Dallery, Yves},
  file        = {CER_Gicquel_2008_01.pdf:https\:\\hal.archives-ouvertes.fr\\hal-00255830\\file\\CER_Gicquel_2008_01.pdf:PDF},
  hal_id      = {hal-00255830},
  hal_version = {v1},
  keywords    = {Capacitated Lot Sizing ; Literature review},
  month       = {02},
  note        = {working paper or preprint},
  title       = {Capacitated Lot Sizing models: a literature review},
  url         = {https://hal.archives-ouvertes.fr/hal-00255830},
  year        = {2008},
}

@article{Grubbstrom1951,
  author       = {Grubbstr¬®{o}m, Robert W.},
  doi          = {10.1016/0925-5273(95)00109-3},
  issn         = {0925-5273},
  journaltitle = {International Journal of Production Economics},
  keywords     = {History of production},
  note         = {Proceedings of the 12th International Conference on Production Research},
  number       = {1‚Äì3},
  pages        = {1--14},
  title        = {Modelling production opportunities -- an historical overview},
  url          = {http://www.sciencedirect.com/science/article/pii/0925527395001093},
  volume       = {41},
  year         = {1995},
}

@article{Guan2010,
  author       = {Guan, Yongpei and Liu, Tieming},
  doi          = {10.1016/j.ejor.2010.07.003},
  issn         = {0377-2217},
  journaltitle = {European Journal of Operational Research},
  keywords     = {Lot sizing},
  number       = {3},
  pages        = {1398--1409},
  title        = {Stochastic lot-sizing problem with inventory-bounds and constant order-capacities},
  url          = {http://www.sciencedirect.com/science/article/pii/S0377221710004856},
  volume       = {207},
  year         = {2010},
}

@article{Guan2008,
  author       = {Guan, Yongpei and Miller, Andrew J.},
  doi          = {10.1287/opre.1070.0479},
  eprint       = {http://dx.doi.org/10.1287/opre.1070.0479},
  journaltitle = {Operations Research},
  number       = {5},
  pages        = {1172--1183},
  title        = {Polynomial-Time Algorithms for Stochastic Uncapacitated Lot-Sizing Problems},
  volume       = {56},
  year         = {2008},
}

@article{Guimaraes2014,
  author       = {Guimar√£es, Luis and Klabjan, Diego and Almada-Lobo, Bernardo},
  doi          = {10.1016/j.ejor.2014.05.018},
  issn         = {0377-2217},
  journaltitle = {European Journal of Operational Research},
  keywords     = {Production planning},
  number       = {3},
  pages        = {644--662},
  title        = {Modeling lotsizing and scheduling problems with sequence dependent setups},
  url          = {http://www.sciencedirect.com/science/article/pii/S0377221714004251},
  volume       = {239},
  year         = {2014},
}

@article{Haase1996,
  author       = {Haase, Knut},
  doi          = {10.1007/BF01539882},
  issn         = {1436-6304},
  journaltitle = {Operations-Research-Spektrum},
  number       = {1},
  pages        = {51--59},
  title        = {Capacitated lot-sizing with sequence dependent setup costs},
  volume       = {18},
  year         = {1996},
}

@article{Hackman1989,
  author       = {Hackman, Steven T. and Leachman, Robert C.},
  doi          = {10.1287/mnsc.35.4.478},
  eprint       = {http://dx.doi.org/10.1287/mnsc.35.4.478},
  journaltitle = {Management Science},
  number       = {4},
  pages        = {478--495},
  title        = {A General Framework for Modeling Production},
  volume       = {35},
  year         = {1989},
}

@article{Harris1913,
  author       = {Harris, Ford W.},
  journaltitle = {Factory, The Magazine of Management},
  number       = {2},
  pages        = {135--136},
  title        = {How Many Parts to Make at Once},
  volume       = {10},
  year         = {1913},
}

@article{Haugen2001,
  author       = {Kjetil K. Haugen and Arne L√∏kketangen and David L. Woodruff},
  doi          = {10.1016/S0377-2217(00)00116-8},
  issn         = {0377-2217},
  journaltitle = {European Journal of Operational Research},
  keywords     = {Stochastic programming},
  number       = {1},
  pages        = {116--122},
  title        = {Progressive hedging as a meta-heuristic applied to stochastic lot-sizing},
  url          = {http://www.sciencedirect.com/science/article/pii/S0377221700001168},
  volume       = {132},
  year         = {2001},
}

@article{Heitsch2009,
  author       = {Heitsch, Holger and R√∂misch, Werner},
  doi          = {10.1007/s10107-007-0197-2},
  issn         = {1436-4646},
  journaltitle = {Mathematical Programming},
  number       = {2},
  pages        = {371--406},
  title        = {Scenario tree modeling for multistage stochastic programs},
  volume       = {118},
  year         = {2009},
}

@article{Helber2013,
  author       = {Helber, Stefan and Sahling, Florian and Schimmelpfeng, Katja},
  doi          = {10.1007/s00291-012-0283-6},
  issn         = {1436-6304},
  journaltitle = {OR Spectrum},
  number       = {1},
  pages        = {75--105},
  title        = {Dynamic capacitated lot sizing with random demand and dynamic safety stocks},
  volume       = {35},
  year         = {2013},
}

@article{Hemmecke2010,
  author       = {Hemmecke, Raymond and K√∂ppe, Matthias and Lee, Jon and Weismantel, Robert},
  journaltitle = {50 Years of Integer Programming 1958-2008},
  pages        = {561--618},
  publisher    = {Springer},
  title        = {Nonlinear integer programming},
  year         = {2010},
}

@article{Hochbaum1995,
  acmid        = {2308245},
  author       = {Hochbaum, Dorit S.},
  doi          = {10.1016/0167-6377(95)00009-9},
  issn         = {0167-6377},
  issue_date   = {April, 1995},
  journaltitle = {Operations Research Letters},
  keywords     = {Allocation problem, Convex optimization, Fully polynomial approximation scheme, Knapsack problem, Quadratic Knapsack problem},
  location     = {Amsterdam, The Netherlands, The Netherlands},
  month        = {04},
  number       = {3},
  numpages     = {8},
  pages        = {103--110},
  publisher    = {Elsevier Science Publishers B. V.},
  title        = {A Nonlinear Knapsack Problem},
  volume       = {17},
  year         = {1995},
}

@article{Hochbaum1994,
  author       = {Hochbaum, Dorit S.},
  issn         = {0364765X, 15265471},
  journaltitle = {Mathematics of Operations Research},
  number       = {2},
  pages        = {390--409},
  publisher    = {INFORMS},
  title        = {Lower and Upper Bounds for the Allocation Problem and Other Nonlinear Optimization Problems},
  url          = {http://www.jstor.org/stable/3690226},
  volume       = {19},
  year         = {1994},
}

@article{Hsu1983,
  author       = {Hsu, Wen-Lian},
  issn         = {00251909, 15265501},
  journaltitle = {Management Science},
  number       = {1},
  pages        = {93--105},
  publisher    = {INFORMS},
  title        = {On the General Feasibility Test of Scheduling Lot Sizes for Several Products on One Machine},
  url          = {http://www.jstor.org/stable/2631168},
  volume       = {29},
  year         = {1983},
}

@article{Kira1997,
  author       = {Kira, D. and Kusy, M. and Rakita, I.},
  issn         = {01605682, 14769360},
  journaltitle = {The Journal of the Operational Research Society},
  number       = {2},
  pages        = {207--211},
  publisher    = {Palgrave Macmillan Journals},
  title        = {A Stochastic Linear Programming Approach to Hierarchical Production Planning},
  url          = {http://www.jstor.org/stable/3010361},
  volume       = {48},
  year         = {1997},
}

@article{Kleywegt2002,
  author       = {Anton J. Kleywegt and Alexander Shapiro and Tito Homem-de-Mello},
  doi          = {10.1137/S1052623499363220},
  eprint       = {https://doi.org/10.1137/S1052623499363220},
  journaltitle = {SIAM Journal on Optimization},
  number       = {2},
  pages        = {479--502},
  title        = {The Sample Average Approximation Method for Stochastic Discrete Optimization},
  volume       = {12},
  year         = {2002},
}

@article{Klibi2012,
  author       = {Klibi, Walid and Martel, Alain},
  doi          = {10.1016/j.ejor.2012.06.027},
  issn         = {0377-2217},
  journaltitle = {European Journal of Operational Research},
  keywords     = {Supply Chain Network},
  number       = {3},
  pages        = {644--658},
  title        = {Scenario-based Supply Chain Network risk modeling},
  url          = {http://www.sciencedirect.com/science/article/pii/S0377221712004821},
  volume       = {223},
  year         = {2012},
}

@article{Klibi2010,
  author       = {Klibi, Walid and Martel, Alain and Guitouni, Adel},
  doi          = {10.1016/j.ejor.2009.06.011},
  issn         = {0377-2217},
  journaltitle = {European Journal of Operational Research},
  keywords     = {Supply chain network design},
  number       = {2},
  pages        = {283--293},
  title        = {The design of robust value-creating supply chain networks: A critical review},
  url          = {http://www.sciencedirect.com/science/article/pii/S0377221709004792},
  volume       = {203},
  year         = {2010},
}

@article{Kuik1994,
  author       = {Kuik, Roelof and Salomon, Marc and van Wassenhove, Luk N.},
  doi          = {10.1016/0377-2217(94)90072-8},
  issn         = {0377-2217},
  journaltitle = {European Journal of Operational Research},
  keywords     = {Batching and lotsizing},
  number       = {2},
  pages        = {243--263},
  title        = {Lotsizing models for production planning Batching decisions: structure and models},
  url          = {http://www.sciencedirect.com/science/article/pii/0377221794900728},
  volume       = {75},
  year         = {1994},
}

@article{Lan2016,
  adsnote      = {Provided by the SAO/NASA Astrophysics Data System},
  adsurl       = {http://adsabs.harvard.edu/abs/2016arXiv160403887L},
  author       = {{Lan}, G. and {Zhou}, Z.},
  eprint       = {1604.03887},
  eprintclass  = {math.OC},
  eprinttype   = {arXiv},
  journaltitle = {ArXiv e-prints},
  keywords     = {Mathematics - Optimization and Control, Statistics - Machine Learning},
  month        = {04},
  title        = {{Algorithms for stochastic optimization with expectation constraints}},
  year         = {2016},
}

@article{Lebacque2007,
  author       = {Lebacque, Vassilissa and Jost, Vincent and Brauner, Nadia},
  doi          = {10.1016/j.ejor.2006.07.019},
  issn         = {0377-2217},
  journaltitle = {European Journal of Operational Research},
  keywords     = {Multiple criteria analysis},
  number       = {1},
  pages        = {29--39},
  title        = {Simultaneous optimization of classical objectives in \{JIT\} scheduling},
  url          = {http://www.sciencedirect.com/science/article/pii/S037722170600796X},
  volume       = {182},
  year         = {2007},
}

@article{Lejeune2007,
  author       = {Lejeune, Miguel A. and Ruszczy≈Ñski, Andrzej},
  doi          = {10.1287/opre.1060.0356},
  eprint       = {http://dx.doi.org/10.1287/opre.1060.0356},
  journaltitle = {Operations Research},
  number       = {2},
  pages        = {378--394},
  title        = {An Efficient Trajectory Method for Probabilistic Production-Inventory-Distribution Problems},
  volume       = {55},
  year         = {2007},
}

@inbook{Levi2007,
  author    = {Levi, Retsef and Lodi, Andrea and Sviridenko, Maxim},
  chapter   = {Approximation Algorithms for the Multi-item Capacitated Lot-Sizing Problem Via Flow-Cover Inequalities},
  doi       = {10.1007/978-3-540-72792-7_34},
  editor    = {Fischetti, Matteo and Williamson, David P.},
  isbn      = {978-3-540-72792-7},
  location  = {Berlin, Heidelberg},
  pages     = {454--468},
  publisher = {Springer Berlin Heidelberg},
  title     = {Integer Programming and Combinatorial Optimization: 12th International IPCO Conference, Ithaca, NY, {USA}, {June} 25-27, 2007. Proceedings},
  year      = {2007},
}

@article{Melo2009,
  author       = {Melo, M.T. and Nickel, S. and Saldanha-da-Gama, F.},
  doi          = {10.1016/j.ejor.2008.05.007},
  issn         = {0377-2217},
  journaltitle = {European Journal of Operational Research},
  keywords     = {Facility location},
  number       = {2},
  pages        = {401--412},
  title        = {Facility location and supply chain management ‚Äì A review},
  url          = {http://www.sciencedirect.com/science/article/pii/S0377221708004104},
  volume       = {196},
  year         = {2009},
}

@article{Mula2006,
  author       = {Mula, Josefa and Poler, Ra√∫l and Garc√≠a-Sabater, Jos√© Pedro and Lario, Francisco-Cruz},
  doi          = {10.1016/j.ijpe.2005.09.001},
  issn         = {0925-5273},
  journaltitle = {International Journal of Production Economics},
  keywords     = {Manufacturing},
  number       = {1},
  pages        = {271--285},
  title        = {Models for production planning under uncertainty: A review},
  url          = {http://www.sciencedirect.com/science/article/pii/S0925527306000041},
  volume       = {103},
  year         = {2006},
}

@article{Nair2011,
  author       = {Rahul Nair and Elise Miller-Hooks},
  doi          = {10.1287/trsc.1100.0347},
  eprint       = {https://doi.org/10.1287/trsc.1100.0347},
  journaltitle = {Transportation Science},
  number       = {4},
  pages        = {524--540},
  title        = {Fleet Management for Vehicle Sharing Operations},
  volume       = {45},
  year         = {2011},
}

@article{Pagnoncelli2009,
  author       = {Pagnoncelli, B. K. and Ahmed, S. and Shapiro, A.},
  doi          = {10.1007/s10957-009-9523-6},
  issn         = {1573-2878},
  journaltitle = {Journal of Optimization Theory and Applications},
  number       = {2},
  pages        = {399--416},
  title        = {Sample Average Approximation Method for Chance Constrained Programming: Theory and Applications},
  volume       = {142},
  year         = {2009},
}

@article{Peidro2009,
  author       = {Peidro, David and Mula, Josefa and Poler, Ra√∫l and Lario, Francisco-Cruz},
  doi          = {10.1007/s00170-008-1715-y},
  journaltitle = {The International Journal of Advanced Manufacturing Technology},
  number       = {3},
  pages        = {400--420},
  title        = {Quantitative models for supply chain planning under uncertainty: a review},
  volume       = {43},
  year         = {2009},
}

@thesis{Pernot2013,
  author      = {Pernot, Pierre-Alban},
  file        = {PERNOT_2013CLF22425.pdf:https\:\\tel.archives-ouvertes.fr\\tel-01037988\\file\\PERNOT_2013CLF22425.pdf:PDF},
  hal_id      = {tel-01037988},
  hal_version = {v1},
  institution = {Universit√© Blaise Pascal - Clermont-Ferrand II},
  keywords    = {Strategic planning ; Production allocation ; Flexibility ; Uncertainty ; Linear programming ; Supply Chain Management ; Planification strat√©gique ; Affectation de la production ; Fl√©xibilit√© ; Incertitude ; Programmation lin√©aire ; GRASP},
  month       = {12},
  number      = {2013CLF22425},
  title       = {Strategic planning of a Supply chain under constraints of uncertainty : production allocation and ressources desing},
  type        = {Theses},
  url         = {https://tel.archives-ouvertes.fr/tel-01037988},
  year        = {2013},
}

@article{Pishvaee2011,
  author       = {Pishvaee, Mir Saman and Rabbani, Masoud and Torabi, Seyed Ali},
  doi          = {10.1016/j.apm.2010.07.013},
  issn         = {0307-904X},
  journaltitle = {Applied Mathematical Modelling},
  keywords     = {Closed-loop supply chain network},
  number       = {2},
  pages        = {637--649},
  title        = {A robust optimization approach to closed-loop supply chain network design under uncertainty},
  url          = {http://www.sciencedirect.com/science/article/pii/S0307904X10002623},
  volume       = {35},
  year         = {2011},
}

@book{Pochet2006,
  author    = {Pochet, Y. and Wolsey, L.A.},
  isbn      = {9780387299594},
  lccn      = {2005935294},
  publisher = {Springer New York},
  series    = {Springer Series in Operations Research and Financial Engineering},
  title     = {Production Planning by Mixed Integer Programming},
  url       = {https://books.google.fr/books?id=qtpkQQ6gThYC},
  year      = {2006},
}

@article{Rahmani2013,
  author       = {Donya Rahmani and Reza Ramezanian and Parviz Fattahi and Mahdi Heydari},
  doi          = {10.1016/j.apm.2013.04.016},
  issn         = {0307-904X},
  journaltitle = {Applied Mathematical Modelling},
  keywords     = {Production planning},
  number       = {20},
  pages        = {8957--8971},
  title        = {A robust optimization model for multi-product two-stage capacitated production planning under uncertainty},
  url          = {http://www.sciencedirect.com/science/article/pii/S0307904X13002679},
  volume       = {37},
  year         = {2013},
}

@article{Rockafellar2000,
    author = {R. Tyrrell Rockafellar and Stanislav Uryasev},
    title = {Optimization of Conditional Value-at-Risk},
    journal = {Journal of Risk},
    year = {2000},
    volume = {2},
    pages = {21--41}
}

@article{Rockafellar2002,
  title = {Conditional value-at-risk for general loss distributions},
  journal = {Journal of Banking \& Finance},
  volume = {26},
  number = {7},
  pages = {1443 - 1471},
  year = {2002},
  issn = {0378-4266},
  doi = {https://doi.org/10.1016/S0378-4266(02)00271-6},
  url = {http://www.sciencedirect.com/science/article/pii/S0378426602002716},
  author = {R.Tyrrell Rockafellar and Stanislav Uryasev},
  keywords = {Value-at-risk, Conditional value-at-risk, Mean shortfall, Coherent risk measures, Risk sampling, Scenarios, Hedging, Index tracking, Portfolio optimization, Risk management}
}

@inproceedings{Rubaszewski2011,
  author    = {Rubaszewski, Julie and Yalaoui, Alice and Amodeo, Lionel and Yalaoui, Naim and Mahdi, Halim},
  booktitle = {International Conference on Industrial Engineering and Systems Management, IESM, Metz, France, May 25-27},
  title     = {A capacitated lot-sizing problem with limited number of changes},
  year      = {2011},
}

@article{Sabri2005,
  author       = {Ehap H Sabri and Benita M Beamon},
  doi          = {10.1016/S0305-0483(99)00080-8},
  issn         = {0305-0483},
  journaltitle = {Omega},
  keywords     = {Mathematical programming},
  number       = {5},
  pages        = {581--598},
  title        = {A multi-objective approach to simultaneous strategic and operational planning in supply chain design},
  url          = {http://www.sciencedirect.com/science/article/pii/S0305048399000808},
  volume       = {28},
  year         = {2000},
}

@article{Santoso2005,
  author       = {Santoso, Tjendera and Ahmed, Shabbir and Goetschalckx, Marc and Shapiro, Alexander},
  doi          = {10.1016/j.ejor.2004.01.046},
  issn         = {0377-2217},
  journaltitle = {European Journal of Operational Research},
  keywords     = {Facilities planning and design},
  number       = {1},
  pages        = {96--115},
  title        = {A stochastic programming approach for supply chain network design under uncertainty},
  url          = {http://www.sciencedirect.com/science/article/pii/S0377221704002292},
  volume       = {167},
  year         = {2005},
}

@article{Schutz2009,
  author       = {Sch\¬®{u}tz, Peter and Tomasgard, Asgeir and Ahmed, Shabbir},
  doi          = {10.1016/j.ejor.2008.11.040},
  issn         = {0377-2217},
  journaltitle = {European Journal of Operational Research},
  keywords     = {Supply chain design},
  number       = {2},
  pages        = {409--419},
  title        = {Supply chain design under uncertainty using sample average approximation and dual decomposition},
  url          = {http://www.sciencedirect.com/science/article/pii/S037722170801031X},
  volume       = {199},
  year         = {2009},
}

@book{Schrijver2003,
  author    = {Schrijver, A.},
  isbn      = {9783540443896},
  lccn      = {2002036693},
  number    = {vol.~1},
  publisher = {Springer},
  series    = {Algorithms and Combinatorics},
  title     = {Combinatorial Optimization: Polyhedra and Efficiency},
  url       = {https://books.google.fr/books?id=mqGeSQ6dJycC},
  year      = {2003},
}

@article{Sethi1990,
  author       = {Sethi, Andrea Krasa and Sethi, Suresh Pal},
  doi          = {10.1007/BF00186471},
  issn         = {1572-9370},
  journaltitle = {International Journal of Flexible Manufacturing Systems},
  number       = {4},
  pages        = {289--328},
  title        = {Flexibility in manufacturing: A survey},
  volume       = {2},
  year         = {1990},
}

@article{Shen2003,
  author       = {Zuo-Jun Max Shen and Collette Coullard and Mark S. Daskin},
  doi          = {10.1287/trsc.37.1.40.12823},
  eprint       = {http://pubsonline.informs.org/doi/pdf/10.1287/trsc.37.1.40.12823},
  journaltitle = {Transportation Science},
  number       = {1},
  pages        = {40--55},
  title        = {A Joint Location-Inventory Model},
  volume       = {37},
  year         = {2003},
}

@article{Shen2005,
  author       = {Zuo-Jun Max Shen and Mark S. Daskin},
  doi          = {10.1287/msom.1050.0083},
  eprint       = {https://doi.org/10.1287/msom.1050.0083},
  journaltitle = {Manufacturing \& Service Operations Management},
  number       = {3},
  pages        = {188--207},
  title        = {Trade-offs Between Customer Service and Cost in Integrated Supply Chain Design},
  volume       = {7},
  year         = {2005},
}

@article{Shi2014,
  author       = {Shi, Cong and Zhang, Huanan and Chao, Xiuli and Levi, Retsef},
  doi          = {10.1002/nav.21584},
  issn         = {1520-6750},
  journaltitle = {Naval Research Logistics (NRL)},
  keywords     = {inventory, setup cost, capacity, approximation algorithms, bounds, randomized cost-balancing, worst-case performance guarantees},
  number       = {4},
  pages        = {304--319},
  title        = {Approximation algorithms for capacitated stochastic inventory systems with setup costs},
  volume       = {61},
  year         = {2014},
}

@article{Snyder2006,
  author       = {Snyder, Lawrence V.},
  doi          = {10.1080/07408170500216480},
  eprint       = {http://dx.doi.org/10.1080/07408170500216480},
  journaltitle = {IIE Transactions},
  number       = {7},
  pages        = {547--564},
  title        = {Facility location under uncertainty: a review},
  volume       = {38},
  year         = {2006},
}

@article{Teksan2015,
  author       = {Z. Melis Teksan and Joseph Geunes},
  doi          = {10.1016/j.orl.2015.03.009},
  issn         = {0167-6377},
  journaltitle = {Operations Research Letters},
  keywords     = {Convex cost lot sizing},
  number       = {4},
  pages        = {359--364},
  title        = {A polynomial time algorithm for convex cost lot-sizing problems},
  url          = {http://www.sciencedirect.com/science/article/pii/S0167637715000474},
  volume       = {43},
  year         = {2015},
}

@report{Thiele2009,
  author = {Thiele, Aur√©lie and Terry, Tara and Epelman, Marina},
  month  = {03},
  title  = {Robust Linear Optimization With Recourse},
  type   = {techreport},
  year   = {2010},
}

@article{VanMieghem19998,
  author       = {Van Mieghem, Jan A.},
  doi          = {10.1287/mnsc.44.8.1071},
  eprint       = {http://pubsonline.informs.org/doi/pdf/10.1287/mnsc.44.8.1071},
  journaltitle = {Management Science},
  number       = {8},
  pages        = {1071--1078},
  title        = {Investment Strategies for Flexible Resources},
  volume       = {44},
  year         = {1998},
}

@article{Zhang2015,
  author       = {Minjiao Zhang},
  doi          = {10.1016/j.orl.2015.06.007},
  issn         = {0167-6377},
  journaltitle = {Operations Research Letters},
  keywords     = {Capacitated lot sizing},
  number       = {5},
  pages        = {479--483},
  title        = {Capacitated lot-sizing problem with outsourcing},
  url          = {http://www.sciencedirect.com/science/article/pii/S0167637715000802},
  volume       = {43},
  year         = {2015},
}

@article{Zhang2014,
  author       = {Zhang, Minjiao and K√º√ß√ºkyavuz, Simge and Goel, Saumya},
  doi          = {10.1287/mnsc.2013.1822},
  eprint       = {http://dx.doi.org/10.1287/mnsc.2013.1822},
  journaltitle = {Management Science},
  number       = {5},
  pages        = {1317--1333},
  title        = {A Branch-and-Cut Method for Dynamic Decision Making Under Joint Chance Constraints},
  volume       = {60},
  year         = {2014},
}

@inproceedings{Zhou2009,
  author    = {Qun Zhou and L. Tesfatsion and C. C. Liu},
  booktitle = {2009 IEEE/PES Power Systems Conference and Exposition},
  doi       = {10.1109/PSCE.2009.4840062},
  keywords  = {polynomials;power markets;pricing;Autoregressive Moving Average model;Midwest ISO;demands and scheduled generator outages;empirical price data;moment-matching method;power prices;price forecasting;time series;wholesale power markets;Autoregressive processes;Demand forecasting;Economic forecasting;ISO;Polynomials;Power generation;Power markets;Power system modeling;Testing;Uncertainty;ARMA model;Wholesale power prices;moment-matching method;restructured wholesale power markets;scenario generation},
  month     = {03},
  pages     = {1--8},
  title     = {Scenario generation for price forecasting in restructured wholesale power markets},
  year      = {2009},
}

@article{Ziegler1982,
  author       = {Hans Ziegler},
  doi          = {10.1016/0167-6377(82)90030-X},
  issn         = {0167-6377},
  journaltitle = {Operations Research Letters},
  keywords     = {Approximation},
  number       = {6},
  pages        = {246--252},
  title        = {Solving certain singly constrained convex optimization problems in production planning},
  url          = {http://www.sciencedirect.com/science/article/pii/016763778290030X},
  volume       = {1},
  year         = {1982},
}

